@article{novak2019relationship,
  title={Relationship journeys in the internet of things: a new framework for understanding interactions between consumers and smart objects},
  author={Novak, Thomas P and Hoffman, Donna L},
  journal={Journal of the Academy of Marketing Science},
  volume={47},
  number={2},
  pages={216--237},
  year={2019},
  publisher={Springer}
}
@inproceedings{hubert2020take,
  title={Take it Personally--The Role of Consumers’ Perceived Value of Personalization on Cross-Category Use in a Smart Home Ecosystem},
  author={Hubert, Marco and Carugati, Andrea and Brock, Christian and Obel, B{\o}rge},
  booktitle={Proceedings of the 53rd Hawaii International Conference on System Sciences},
  year={2020}
}
@article{domingos2012few,
  title={A few useful things to know about machine learning},
  author={Domingos, Pedro},
  journal={Communications of the ACM},
  volume={55},
  number={10},
  pages={78--87},
  year={2012},
  publisher={ACM New York, NY, USA}
}
@inproceedings{sievert2014ldavis,
  title={LDAvis: A method for visualizing and interpreting topics},
  author={Sievert, Carson and Shirley, Kenneth},
  booktitle={Proceedings of the workshop on interactive language learning, visualization, and interfaces},
  pages={63--70},
  year={2014}
}
@article{chang2009reading,
  title={Reading tea leaves: How humans interpret topic models},
  author={Chang, Jonathan and Gerrish, Sean and Wang, Chong and Boyd-Graber, Jordan and Blei, David},
  journal={Advances in neural information processing systems},
  volume={22},
  pages={288--296},
  year={2009}
}
@unpublished{spacy2,
    AUTHOR = {Honnibal, Matthew and Montani, Ines},
    TITLE  = {{spaCy 2}: Natural language understanding with {B}loom embeddings, convolutional neural networks and incremental parsing},
    YEAR   = {2017},
    Note   = {To appear}
}
@article{loper2002nltk,
  title={NLTK: the natural language toolkit},
  author={Loper, Edward and Bird, Steven},
  journal={arXiv preprint cs/0205028},
  year={2002}
}
@article{cao2009density,
  title={A density-based method for adaptive LDA model selection},
  author={Cao, Juan and Xia, Tian and Li, Jintao and Zhang, Yongdong and Tang, Sheng},
  journal={Neurocomputing},
  volume={72},
  number={7-9},
  pages={1775--1781},
  year={2009},
  publisher={Elsevier}
}
@inproceedings{baumgartner2020pushshift,
  title={The pushshift reddit dataset},
  author={Baumgartner, Jason and Zannettou, Savvas and Keegan, Brian and Squire, Megan and Blackburn, Jeremy},
  booktitle={Proceedings of the International AAAI Conference on Web and Social Media},
  volume={14},
  pages={830--839},
  year={2020}
}
@misc{skowronski_identifying_2019,
	title = {Identifying trolls and bots on {Reddit} with machine learning ({Part} 2)},
	url = {https://towardsdatascience.com/identifying-trolls-and-bots-on-reddit-with-machine-learning-709da5970af1},
	abstract = {We’ll show you how we used machine learning to detect bots and trolls in political discussions on Reddit},
	language = {en},
	urldate = {2021-01-03},
	journal = {Medium},
	author = {Skowronski, Jason},
	month = jul,
	year = {2019},
	file = {Snapshot:C\:\\Users\\Mikkel\\Zotero\\storage\\T3C6IX4P\\identifying-trolls-and-bots-on-reddit-with-machine-learning-709da5970af1.html:text/html}
}
@inproceedings{rehurek_lrec,
      title = {{Software Framework for Topic Modelling with Large Corpora}},
      author = {Radim {\v R}eh{\r u}{\v r}ek and Petr Sojka},
      booktitle = {{Proceedings of the LREC 2010 Workshop on New
           Challenges for NLP Frameworks}},
      pages = {45--50},
      year = 2010,
      month = May,
      day = 22,
      publisher = {ELRA},
      address = {Valletta, Malta},
      language={English}
}
@unpublished{McCallumMALLET,
    author = "Andrew Kachites McCallum",
    title = "MALLET: A Machine Learning for Language Toolkit",
    note = "http://mallet.cs.umass.edu",
    year = 2002
}
@misc{rafferty_lda_2019,
	title = {{LDA} on the {Texts} of {Harry} {Potter}},
	url = {https://towardsdatascience.com/basic-nlp-on-the-texts-of-harry-potter-topic-modeling-with-latent-dirichlet-allocation-f3c00f77b0f5},
	abstract = {Topic Modeling with Latent Dirichlet Allocation},
	language = {en},
	urldate = {2021-01-03},
	journal = {Medium},
	author = {Rafferty, Greg},
	month = may,
	year = {2019},
	file = {Snapshot:C\:\\Users\\Mikkel\\Zotero\\storage\\Z8IUJ5T5\\basic-nlp-on-the-texts-of-harry-potter-topic-modeling-with-latent-dirichlet-allocation-f3c00f77.html:text/html}
}

@misc{konstantinovskiy_americas_2016,
	title = {America’s {Next} {Topic} {Model}},
	url = {https://www.kdnuggets.com/americas-next-topic-model.html/},
	abstract = {Topic modeling is a a great way to get a bird's eye view on a large document collection using machine learning. Here are 3 ways to use open source Python tool Gensim to choose the best topic model.},
	language = {en-US},
	urldate = {2021-01-03},
	journal = {KDnuggets},
	author = {Konstantinovskiy, Lev},
	year = {2016},
	file = {Snapshot:C\:\\Users\\Mikkel\\Zotero\\storage\\B8CWG9N7\\americas-next-topic-model.html:text/html}
}

@inproceedings{arun2010finding,
  title={On finding the natural number of topics with latent dirichlet allocation: Some observations},
  author={Arun, Rajkumar and Suresh, Venkatasubramaniyan and Madhavan, CE Veni and Murthy, MN Narasimha},
  booktitle={Pacific-Asia conference on knowledge discovery and data mining},
  pages={391--402},
  year={2010},
  organization={Springer}
}